/*------- Sites -------*/
@online{Static_Analysis,
  author = {Wikipedia},
  title  = {Static program analysis},
  url    = {https://en.wikipedia.org/wiki/Static_program_analysis)},
  year   = {2021},
  note   = {Online; Accessed 26-January-2022}
}

@online{Dynamic_Analysis,
  author = {Wikipedia},
  title  = {Dynamic program analysis},
  url    = {https://en.wikipedia.org/wiki/Dynamic_program_analysis)},
  year   = {2021},
  note   = {Online; Accessed 26-January-2022}
}

@online{Abstract_Syntax_Tree,
  author = {Go Development Team},
  title  = {Abstract Syntax Tree},
  url    = {https://en.wikipedia.org/wiki/Abstract_syntax_tree)},
  year   = {2021},
  note   = {Online; Accessed 26-January-2022}
}

@online{Golang,
  author = {Go Development Team},
  title  = {Golang's website},
  url    = {https://go.dev/},
  year   = {2021},
  note   = {Online; Accessed 18-December-2021}
}

@online{Docker,
  author = {Docker Devolopment Team},
  title  = {Docker's website},
  url    = {https://www.docker.com/},
  year   = {2021},
  note   = {Online; Accessed 07-February-2022}
}

@online{Kubernetes,
  author = {Kubernetes Devolopment Team},
  title  = {Kubernetes' website},
  url    = {https://kubernetes.io/},
  year   = {2021},
  note   = {Online; Accessed 07-February-2022}
}

@online{Graphviz_Wikipedia,
  author = {Wikipedia},
  title  = {Graphviz},
  url    = {https://en.wikipedia.org/wiki/Graphviz},
  year   = {2021},
  note   = {Online; Accessed 20-December-2021}
}

@online{DOT_Wikipedia,
  author = {Wikipedia},
  title  = {DOT},
  url    = {https://en.wikipedia.org/wiki/DOT_(graph_description_language)},
  year   = {2021},
  note   = {Online; Accessed 20-December-2021}
}

/*------- Books -------*/
@book{Linguaggi_di_Prorgammazione,
  title     = {Linguaggi di programmazione. Principi e paradigmi},
  author    = {M. Gabbrielli, S. Martini},
  isbn      = {8838665737},
  series    = {Collana di istruzione scientifica},
  year      = {2001},
  publisher = {McGraw-Hill}
}

@book{Static_Analysis,
  title     = {Static analysis of software : the abstract interpretation},
  author    = {Boulanger},
  isbn      = {978-1-848-21320-3},
  year      = {2012},
  publisher = {ISTE/Wiley}
}

/*------- Articles -------*/
@article{Corinne,
  title        = {Corinne, a Tool for Choreography Automata},
  author       = {Orlando, Simone and Pasquale, Vairo Di and Barbanera, Franco and Lanese, Ivan and Tuosto, Emilio},
  booktitle    = {International Conference on Formal Aspects of Component Software},
  pages        = {1--92},
  year         = {2021},
  organization = {Springer}
}

@article{Choreography_Automata,
  title        = {Choreography automata},
  author       = {Barbanera, Franco and Lanese, Ivan and Tuosto, Emilio},
  booktitle    = {International Conference on Coordination Languages and Models},
  pages        = {1--106},
  year         = {2020},
  organization = {Springer}
}

@article{CFSM,
  author    = {Daniel Brand and Pitro Zafiropulo},
  title     = {On Communicating Finite-State Machines},
  journal   = {J. {ACM}},
  volume    = {30},
  number    = {2},
  pages     = {323--342},
  year      = {1983},
  timestamp = {Wed, 14 Nov 2018 10:35:24 +0100}
}

@article{CA_Composition,
  title   = {Composition of choreography automata},
  author  = {Barbanera, Franco and Lanese, Ivan and Tuosto, Emilio},
  journal = {arXiv preprint arXiv:2107.06727},
  year    = {2021}
}